% Encoding: UTF-8
Scopus
EXPORT DATE: 7 December 2020

@Article{Andrade2009,
  author  = {Andrade, J.E.},
  journal = {Geotechnique},
  title   = {A predictive framework for liquefaction instability},
  year    = {2009},
  note    = {cited By 49},
  number  = {8},
  pages   = {673-682},
  volume  = {59},
  doi     = {10.1680/geot.7.00087},
}

@Article{Andrade2006,
  author  = {Andrade, J.E. and Borja, R.I.},
  journal = {International Journal for Numerical Methods in Engineering},
  title   = {Capturing strain localization in dense sands with random density},
  year    = {2006},
  note    = {cited By 84},
  number  = {11},
  pages   = {1531-1564},
  volume  = {67},
  doi     = {10.1002/nme.1673},
}

@Article{Andrade2008,
  author  = {Andrade, J.E. and Ellison, K.C.},
  journal = {Journal of Geotechnical and Geoenvironmental Engineering},
  title   = {Evaluation of a predictive constitutive model for sands},
  year    = {2008},
  note    = {cited By 15},
  number  = {12},
  pages   = {1825-1828},
  volume  = {134},
  doi     = {10.1061/(ASCE)1090-0241(2008)134:12(1825)},
}

@Article{Bardet2002,
  author  = {Bardet, J.P. and Iai, S.},
  journal = {Journal of Applied Mechanics, Transactions ASME},
  title   = {Axisymmetric instability of fluid saturated pervious cylinders},
  year    = {2002},
  note    = {cited By 2},
  number  = {6},
  pages   = {717-723},
  volume  = {69},
  doi     = {10.1115/1.1505624},
}

@Article{Bedin2012,
  author  = {Bedin, J. and Schnaid, F. and da Fonseca, A.V. and de Costa Filho, L.M.},
  journal = {Geotechnique},
  title   = {Gold tailings liquefaction under critical state soil mechanics},
  year    = {2012},
  note    = {cited By 30},
  number  = {3},
  pages   = {263-267},
  volume  = {62},
  doi     = {10.1680/geot.10.P.037},
}

@Article{Been1985,
  author  = {Been, K. and Jefferies, M.G.},
  journal = {Geotechnique},
  title   = {A state parameter for sands},
  year    = {1985},
  note    = {cited By 1185},
  number  = {2},
  pages   = {99-112},
  volume  = {35},
  doi     = {10.1680/geot.1985.35.2.99},
}

@Article{Borja2006,
  author  = {Borja, R.I.},
  journal = {Acta Geotechnica},
  title   = {Condition for liquefaction instability in fluid-saturated granular soils},
  year    = {2006},
  note    = {cited By 60},
  number  = {4},
  pages   = {211-224},
  volume  = {1},
  doi     = {10.1007/s11440-006-0017-5},
}

@Article{Buscarnera2011,
  author  = {Buscarnera, G. and Dattola, G. and Di Prisco, C.},
  journal = {International Journal of Solids and Structures},
  title   = {Controllability, uniqueness and existence of the incremental response: A mathematical criterion for elastoplastic constitutive laws},
  year    = {2011},
  note    = {cited By 46},
  number  = {13},
  pages   = {1867-1878},
  volume  = {48},
  doi     = {10.1016/j.ijsolstr.2011.02.016},
}

@Article{Chu2001,
  author  = {Chu, J. and Leong, W.K.},
  journal = {Geotechnique},
  title   = {Pre-failure strain softening and pre-failure instability of sand: A comparative study},
  year    = {2001},
  note    = {cited By 55},
  number  = {4},
  pages   = {311-321},
  volume  = {51},
  doi     = {10.1680/geot.2001.51.4.311},
}

@Article{Chu2003,
  author  = {Chu, J. and Leroueil, S. and Leong, W.K.},
  journal = {Canadian Geotechnical Journal},
  title   = {Unstable behaviour of sand and its implication for slope instability},
  year    = {2003},
  note    = {cited By 145},
  number  = {5},
  pages   = {873-885},
  volume  = {40},
  doi     = {10.1139/t03-039},
}

@Article{Chu1992,
  author  = {Chu, J. and Lo, S.-C.R. and Lee, I.K.},
  journal = {Journal of Geotechnical Engineering},
  title   = {Strain-softening behavior of granular soil in strain-path testing},
  year    = {1992},
  note    = {cited By 61},
  number  = {2},
  pages   = {191-208},
  volume  = {118},
  doi     = {10.1061/(ASCE)0733-9410(1992)118:2(191)},
}

@Article{Chu1993,
  author  = {Chu, J. and Lo, S.-C.R. and Lee, I.K.},
  journal = {Journal of Geotechnical Engineering},
  title   = {Instability of granular soils under strain path testing},
  year    = {1993},
  note    = {cited By 65},
  number  = {5},
  pages   = {874-892},
  volume  = {119},
  doi     = {10.1061/(ASCE)0733-9410(1993)119:5(874)},
}

@Article{Chu2008,
  author  = {Chu, J. and Wanatowski, D.},
  journal = {Journal of Geotechnical and Geoenvironmental Engineering},
  title   = {Instability conditions of loose sand in plane strain},
  year    = {2008},
  note    = {cited By 52},
  number  = {1},
  pages   = {136-142},
  volume  = {134},
  doi     = {10.1061/(ASCE)1090-0241(2008)134:1(136)},
}

@Article{Chu2009,
  author  = {Chu, J. and Wanatowski, D.},
  journal = {Journal of Geotechnical and Geoenvironmental Engineering},
  title   = {Effect of loading mode on strain softening and instability behavior of sand in plane-strain tests},
  year    = {2009},
  note    = {cited By 47},
  number  = {1},
  pages   = {108-120},
  volume  = {135},
  doi     = {10.1061/(ASCE)1090-0241(2009)135:1(108)},
}

@Article{Daouadji2010,
  author     = {Daouadji, A. and AlGali, H. and Darve, F. and Zeghloul, A.},
  journal    = {Journal of Engineering Mechanics},
  title      = {Instability in granular materials: Experimental evidence of diffuse mode of failure for loose sands},
  year       = {2010},
  note       = {cited By 58},
  number     = {5},
  pages      = {575-588},
  volume     = {136},
  art_number = {004005QEM},
  doi        = {10.1061/(ASCE)EM.1943-7889.0000101},
}

@Article{Doanh2000,
  author  = {Doanh, T. and Ibraim, E.},
  journal = {Geotechnique},
  title   = {Minimum undrained strength of Hostun RF sand},
  year    = {2000},
  note    = {cited By 21},
  number  = {4},
  pages   = {377-392},
  volume  = {50},
  doi     = {10.1680/geot.2000.50.4.377},
}

@Article{Doanh1997,
  author  = {Doanh, T. and Ibraim, E. and Matiotti, R.},
  journal = {Mechanics of Cohesive-Frictional Materials},
  title   = {Undrained instability of very loose Hostun sand in triaxial compression and extension. Part 1: experimental observations},
  year    = {1997},
  note    = {cited By 63},
  number  = {1},
  pages   = {47-70},
  volume  = {2},
  doi     = {10.1002/(SICI)1099-1484(199701)2:1<47::AID-CFM26>3.0.CO;2-9},
}

@Article{Ellison2009,
  author  = {Ellison, K.C. and Andrade, J.E.},
  journal = {Journal of Geotechnical and Geoenvironmental Engineering},
  title   = {Liquefaction mapping in finite-element simulations},
  year    = {2009},
  note    = {cited By 8},
  number  = {11},
  pages   = {1693-1701},
  volume  = {135},
  doi     = {10.1061/(ASCE)GT.1943-5606.0000122},
}

@Article{Fourie2005,
  author  = {Fourie, A.B. and Tshabalala, L.},
  journal = {Canadian Geotechnical Journal},
  title   = {Initiation of static liquefaction and the role of K0 consolidation},
  year    = {2005},
  note    = {cited By 48},
  number  = {3},
  pages   = {892-906},
  volume  = {42},
  doi     = {10.1139/t05-026},
}

@Article{Gajo2001,
  author  = {Gajo, A. and Wood, D.M.},
  journal = {International Journal for Numerical and Analytical Methods in Geomechanics},
  title   = {A new approach to anisotropic, bounding surface plasticity: General formulation and simulations of natural and reconstituted clay behaviour},
  year    = {2001},
  note    = {cited By 73},
  number  = {3},
  pages   = {207-241},
  volume  = {25},
  doi     = {10.1002/nag.126},
}

@Article{Huang2010,
  author  = {Huang, M. and Lu, X. and Qian, J.},
  journal = {International Journal for Numerical and Analytical Methods in Geomechanics},
  title   = {Non-coaxial elasto-plasticity model and bifurcation prediction of shear banding in sands},
  year    = {2010},
  note    = {cited By 42},
  number  = {9},
  pages   = {906-919},
  volume  = {34},
  doi     = {10.1002/nag.838},
}

@Article{Ishihara1993,
  author  = {Ishihara, K.},
  journal = {Geotechnique},
  title   = {Liquefaction and flow failure during earthquakes},
  year    = {1993},
  note    = {cited By 1149},
  number  = {3},
  pages   = {351-451},
  volume  = {43},
  doi     = {10.1680/geot.1993.43.3.351},
}

@Article{Jefferies1993,
  author  = {Jefferies, M.G.},
  journal = {Geotechnique},
  title   = {Nor-Sand: A simple critical state model for sand},
  year    = {1993},
  note    = {cited By 290},
  number  = {1},
  pages   = {91-103},
  volume  = {43},
  doi     = {10.1680/geot.1993.43.1.91},
}

@Article{Lade1992,
  author  = {Lade, P.V.},
  journal = {Journal of Geotechnical Engineering},
  title   = {Static instability and liquefaction of loose fine sandy slopes},
  year    = {1992},
  note    = {cited By 286},
  number  = {1},
  pages   = {51-71},
  volume  = {118},
  doi     = {10.1061/(ASCE)0733-9410(1992)118:1(51)},
}

@Article{Lade1987,
  author  = {Lade, P.V. and Nelson, R.B. and Marvin Ito, Y.},
  journal = {Journal of Engineering Mechanics},
  title   = {Nonassociated flow and stability of granular materials},
  year    = {1987},
  note    = {cited By 124},
  number  = {9},
  pages   = {1302-1318},
  volume  = {113},
  doi     = {10.1061/(ASCE)0733-9399(1987)113:9(1302)},
}

@Article{Lade1988,
  author  = {Lade, P.V. and Nelson, R.B. and Ito, Y.M.},
  journal = {Journal of Engineering Mechanics},
  title   = {Instability of granular materials with nonassociated flow},
  year    = {1988},
  note    = {cited By 94},
  number  = {12},
  pages   = {2173-2191},
  volume  = {114},
  doi     = {10.1061/(ASCE)0733-9399(1988)114:12(2173)},
}

@Article{Lade1990,
  author  = {Lade, P.V. and Pradel, D., Sr.},
  journal = {Journal of Engineering Mechanics},
  title   = {Instability and plastic flow of soils. I: Experimental observations},
  year    = {1990},
  note    = {cited By 121},
  number  = {11},
  pages   = {2532-2550},
  volume  = {116},
  doi     = {10.1061/(ASCE)0733-9399(1990)116:11(2532)},
}

@Article{Li2000,
  author  = {Li, X.S. and Dafalias, Y.F.},
  journal = {Geotechnique},
  title   = {Dilatancy for cohesionless soils},
  year    = {2000},
  note    = {cited By 554},
  number  = {4},
  pages   = {449-460},
  volume  = {50},
  doi     = {10.1680/geot.2000.50.4.449},
}

@Article{Li1999,
  author  = {Li, X.-S. and Dafalias, Y.F. and Wang, Z.-L.},
  journal = {Canadian geotechnical journal},
  title   = {State-dependent dilatancy in critical-state constitutive modelling of sand},
  year    = {1999},
  note    = {cited By 110},
  number  = {4},
  pages   = {599-611},
  volume  = {36},
  doi     = {10.1139/cgj-36-4-599},
}

@Article{Liu2011,
  author  = {Liu, J. and Wang, G. and Kamai, T. and Zhang, F. and Yang, J. and Shi, B.},
  journal = {Geotextiles and Geomembranes},
  title   = {Static liquefaction behavior of saturated fiber-reinforced sand in undrained ring-shear tests},
  year    = {2011},
  note    = {cited By 63},
  number  = {5},
  pages   = {462-471},
  volume  = {29},
  doi     = {10.1016/j.geotexmem.2011.03.002},
}

@Article{Lu2011,
  author  = {Lu, X. and Huang, M. and Qian, J.},
  journal = {Soils and Foundations},
  title   = {The onset of strain localization in cross-anisotropic soils under true triaxial condition},
  year    = {2011},
  note    = {cited By 20},
  number  = {4},
  pages   = {693-700},
  volume  = {51},
  doi     = {10.3208/sandf.51.693},
}

@Article{Manzari1997,
  author  = {Manzari, M.T. and Dafalias, Y.F.},
  journal = {Geotechnique},
  title   = {A critical state two-surface plasticity model for sands},
  year    = {1997},
  note    = {cited By 569},
  number  = {2},
  pages   = {255-272},
  volume  = {47},
  doi     = {10.1680/geot.1997.47.2.255},
}

@Article{Nova1994,
  author  = {Nova, R.},
  journal = {J. Mech. Behav. Mater.},
  title   = {Controllability of the incremental response of soil specimens subjected to arbitrary loading programmes},
  year    = {1994},
  note    = {cited By 175},
  number  = {2},
  pages   = {193-201},
  volume  = {5},
}

@Article{Pietruszczak1987,
  author  = {Pietruszczak, S. and Stolle, D.F.E.},
  journal = {Computers and Geotechnics},
  title   = {Deformation of strain softening materials Part II: Modelling of strain softening response},
  year    = {1987},
  note    = {cited By 41},
  number  = {2},
  pages   = {109-123},
  volume  = {4},
  doi     = {10.1016/0266-352X(87)90014-0},
}

@Article{Prunier2009,
  author  = {Prunier, F. and Laouafa, F. and Lignon, S. and Darve, F.},
  journal = {International Journal for Numerical and Analytical Methods in Geomechanics},
  title   = {Bifurcation modeling in geomaterials: From the second-order work criterion to spectral analyses},
  year    = {2009},
  note    = {cited By 35},
  number  = {9},
  pages   = {1169-1202},
  volume  = {33},
  doi     = {10.1002/nag.762},
}

@Article{Rahman2011,
  author  = {Rahman, M.M. and Lo, S.R. and Baki, M.A.L.},
  journal = {Acta Geotechnica},
  title   = {Equivalent granular state parameter and undrained behaviour of sand-fines mixtures},
  year    = {2011},
  note    = {cited By 69},
  number  = {4},
  pages   = {183-194},
  volume  = {6},
  doi     = {10.1007/s11440-011-0145-4},
}

@Book{ERichart1970,
  author    = {E Richart, F},
  publisher = {Printed in the United States of America},
  title     = {Vibrations of soils and foundations},
  year      = {1970},
}

@Article{Rudnicki1975,
  author  = {Rudnicki, J.W. and Rice, J.R.},
  journal = {Journal of the Mechanics and Physics of Solids},
  title   = {Conditions for the localization of deformation in pressure-sensitive dilatant materials},
  year    = {1975},
  note    = {cited By 1955},
  number  = {6},
  pages   = {371-394},
  volume  = {23},
  doi     = {10.1016/0022-5096(75)90001-0},
}

@Article{Sladen1985,
  author  = {Sladen, J.A. and D'Hollander, R.D. and Krahn, J.},
  journal = {Canadian Geotechnical Journal},
  title   = {The liquefaction of sands, a collapse surface approach.},
  year    = {1985},
  note    = {cited By 346},
  number  = {4},
  pages   = {564-578},
  volume  = {22},
  doi     = {10.1139/t85-076},
}

@Article{Valanis1985,
  author  = {Valanis, K.C.},
  journal = {Journal of Applied Mechanics, Transactions ASME},
  title   = {On the uniqueness of solution of the initial value problem in softening materials},
  year    = {1985},
  note    = {cited By 54},
  number  = {3},
  pages   = {649-653},
  volume  = {52},
  doi     = {10.1115/1.3169115},
}

@Article{Wan2004,
  author  = {Wan, R.G. and Guo, P.J.},
  journal = {Journal of Engineering Mechanics},
  title   = {Stress dilatancy and fabric dependencies on sand behavior},
  year    = {2004},
  note    = {cited By 84},
  number  = {6},
  pages   = {635-645},
  volume  = {130},
  doi     = {10.1061/(ASCE)0733-9399(2004)130:6(635)},
}

@Article{Wanatowski2012,
  author  = {Wanatowski, D. and Chu, J.},
  journal = {Geotechnique},
  title   = {Factors affecting pre-failure instability of sand under plane-strain conditions},
  year    = {2012},
  note    = {cited By 20},
  number  = {2},
  pages   = {121-135},
  volume  = {62},
  doi     = {10.1680/geot.9.P.111},
}

@Article{Wood1994,
  author  = {Wood, D.M. and Belkheir, K. and Liu, D.F.},
  journal = {Geotechnique},
  title   = {Strain softening and state parameter for sand modelling},
  year    = {1994},
  note    = {cited By 179},
  number  = {2},
  pages   = {335-339},
  volume  = {44},
  doi     = {10.1680/geot.1994.44.2.335},
}

@Article{Yamamuro1997,
  author  = {Yamamuro, J.A. and Lade, P.V.},
  journal = {Canadian Geotechnical Journal},
  title   = {Static liquefaction of very loose sands},
  year    = {1997},
  note    = {cited By 221},
  number  = {6},
  pages   = {905-917},
  volume  = {34},
  doi     = {10.1139/t97-057},
}

@Article{Yang2002,
  author  = {Yang, J.},
  journal = {Geotechnique},
  title   = {Non-uniqueness of flow liquefaction line for loose sand},
  year    = {2002},
  note    = {cited By 93},
  number  = {10},
  pages   = {757-760},
  volume  = {52},
  doi     = {10.1680/geot.2002.52.10.757},
}

@Article{Yang2004,
  author  = {Yang, J. and Li, X.S.},
  journal = {Journal of Geotechnical and Geoenvironmental Engineering},
  title   = {State-dependent strength of sands from the perspective of unified modeling},
  year    = {2004},
  note    = {cited By 85},
  number  = {2},
  pages   = {186-198},
  volume  = {130},
  doi     = {10.1061/(ASCE)1090-0241(2004)130:2(186)},
}

@Comment{jabref-meta: databaseType:bibtex;}
